<record xmlns="http://www.loc.gov/MARC21/slim">
  <leader>02502ncm a2200361   4500</leader>
  <controlfield tag="001">u628715</controlfield>
  <controlfield tag="003">SIRSI</controlfield>
  <controlfield tag="008">740528s1954    nyusgnn        n    ger  </controlfield>
  <datafield tag="010" ind1=" " ind2=" ">
    <subfield code="a">m  57000590</subfield>
  </datafield>
  <datafield tag="035" ind1=" " ind2=" ">
    <subfield code="a">(Sirsi) o00896527</subfield>
  </datafield>
  <datafield tag="035" ind1=" " ind2=" ">
    <subfield code="a">(OCoLC)00896527</subfield>
  </datafield>
  <datafield tag="035" ind1=" " ind2=" ">
    <subfield code="a">(OCoLC)896527</subfield>
  </datafield>
  <datafield tag="040" ind1=" " ind2=" ">
    <subfield code="a">DLC</subfield>
    <subfield code="c">MIA</subfield>
    <subfield code="d">VA@</subfield>
  </datafield>
  <datafield tag="041" ind1="0" ind2=" ">
    <subfield code="a">ger</subfield>
    <subfield code="a">eng</subfield>
  </datafield>
  <datafield tag="045" ind1=" " ind2=" ">
    <subfield code="a">w5w8</subfield>
  </datafield>
  <datafield tag="048" ind1=" " ind2=" ">
    <subfield code="a">ka01</subfield>
    <subfield code="a">vh01</subfield>
  </datafield>
  <datafield tag="049" ind1=" " ind2=" ">
    <subfield code="a">VA@$</subfield>
  </datafield>
  <datafield tag="050" ind1="0" ind2=" ">
    <subfield code="a">M1620.B8</subfield>
    <subfield code="b">K32</subfield>
  </datafield>
  <datafield tag="100" ind1="1" ind2=" ">
    <subfield code="a">Brahms, Johannes,</subfield>
    <subfield code="d">1833-1897.</subfield>
  </datafield>
  <datafield tag="240" ind1="1" ind2="0">
    <subfield code="a">Songs.</subfield>
    <subfield code="k">Selections</subfield>
  </datafield>
  <datafield tag="245" ind1="0" ind2="0">
    <subfield code="a">70 songs for voice and piano /</subfield>
    <subfield code="c">Brahms ; [edited by] Sergius Kagen ; [English translation by Edith Braun and Waldo Lyman].</subfield>
  </datafield>
  <datafield tag="250" ind1=" " ind2=" ">
    <subfield code="a">High.</subfield>
  </datafield>
  <datafield tag="260" ind1=" " ind2=" ">
    <subfield code="a">New York,</subfield>
    <subfield code="b">International Music Co.</subfield>
    <subfield code="c">c1954.</subfield>
  </datafield>
  <datafield tag="300" ind1=" " ind2=" ">
    <subfield code="a">xvi, 1 score (213 p.) ;</subfield>
    <subfield code="b">facsim. ;</subfield>
    <subfield code="c">28 cm.</subfield>
  </datafield>
  <datafield tag="505" ind1="0" ind2=" ">
    <subfield code="a">Ach, wende diesen Blick -- Alte Liebe -- Am Sonntag Morgen -- An die Nachtigall --  An ein Veilchen -- An eine Aölsharfe -- Auf dem Kirchhofe -- Auf dem Schiffe -- Bei dir sind meine gedanken -- Blinde kuh -- Botschaft --  Dein blaues Auge -- Erinnerung -- Es hing der Reif -- Es träumte mir -- Feldeinsamkeit -- Der gang zum Liebchen -- Geheimnis -- Immer leiser wird -- In Waldeseinsamkeit -- Der Jäger -- Juchhe! -- Lerchengesang -- Liebestreu -- Das Mädchen -- Mädchenlied -- Das Mädchen spricht -- Die Mainacht --  Meine Liebe ist grün -- Meine Lieder -- Minnelied -- Nachtigall -- Nachtigallen schwingen -- Nicht mehr zu dir zu gehen -- O komme, holde Sommernacht -- O kühler Wald -- O liebliche Wangen -- O wüsst&apos; ich doch den Weg -- Sapphische Ode -- Der Schmied -- Die Schnur -- Schön war, das ich dir weihte -- Sehnsucht -- Serenate -- Sonntag -- Ständchen -- Therese -- Der Tod, das ist die kühle Nacht -- Treue Liebe -- Vergebliches Ständchen -- Verzagen -- Von ewiger Liebe -- Vorschneller Schwur -- Wenn du nur zuweilen lachelst -- Wie bist du, meine Königin -- Wie froh und frisch -- Wiegenlied -- Wie Melodien zieht es mir -- Wir wandelten -- Willst du, dass ich geh? -- Zigeunerlieder.</subfield>
  </datafield>
  <datafield tag="546" ind1=" " ind2=" ">
    <subfield code="a">German words; words also printed as text with English translation (p. i-xvi).</subfield>
  </datafield>
  <datafield tag="596" ind1=" " ind2=" ">
    <subfield code="a">12</subfield>
  </datafield>
  <datafield tag="650" ind1=" " ind2="0">
    <subfield code="a">Songs (High voice) with piano.</subfield>
  </datafield>
  <datafield tag="650" ind1=" " ind2="0">
    <subfield code="a">Songs (Low voice) with piano.</subfield>
  </datafield>
  <datafield tag="999" ind1=" " ind2=" ">
    <subfield code="a">M1620 .B8 K32</subfield>
    <subfield code="w">LC</subfield>
    <subfield code="c">1</subfield>
    <subfield code="i">X030624555</subfield>
    <subfield code="d">4/9/2013</subfield>
    <subfield code="e">2/15/2013</subfield>
    <subfield code="l">STACKS</subfield>
    <subfield code="m">MUSIC</subfield>
    <subfield code="n">49</subfield>
    <subfield code="q">2</subfield>
    <subfield code="r">Y</subfield>
    <subfield code="s">Y</subfield>
    <subfield code="t">MUSI-SCORE</subfield>
    <subfield code="u">6/29/1996</subfield>
    <subfield code="x">H-NOTIS</subfield>
  </datafield>
  <datafield tag="999" ind1=" " ind2=" ">
    <subfield code="a">M1620 .B8 K32</subfield>
    <subfield code="w">LC</subfield>
    <subfield code="c">2</subfield>
    <subfield code="i">X004725608</subfield>
    <subfield code="d">5/6/2010</subfield>
    <subfield code="e">2/22/2010</subfield>
    <subfield code="l">STACKS</subfield>
    <subfield code="m">MUSIC</subfield>
    <subfield code="n">6</subfield>
    <subfield code="q">1</subfield>
    <subfield code="r">Y</subfield>
    <subfield code="s">Y</subfield>
    <subfield code="t">MUSI-SCORE</subfield>
    <subfield code="u">1/13/2004</subfield>
    <subfield code="x">ADD</subfield>
  </datafield>
</record>
